@article{Tzoumanikas2021,
  title={High-speed flight in \\emph{agile} quadrotors: Incremental Nonlinear Dynamic Inversion for fast and robust tracking},
  author={Tzoumanikas, D. and others},
  journal={arXiv preprint arXiv:2109.01365},
  year={2021},
  url={https://arxiv.org/abs/2109.01365}
}

@inproceedings{Smeur2016,
  title={Incremental Nonlinear Dynamic Inversion for attitude control of micro air vehicles},
  author={Smeur, Evert and Chu, Qiping and de Croon, Guido C. H. E.},
  booktitle={2016 American Control Conference (ACC)},
  year={2016}
}

@inproceedings{Oosedo2017,
  title={Aerial robot with nimble flight by simplified incremental nonlinear dynamic inversion},
  author={Oosedo, Atsushi and others},
  booktitle={2017 IEEE/RSJ International Conference on Intelligent Robots and Systems (IROS)},
  year={2017}
}

@article{vanKampen2018,
  title={Incremental nonlinear dynamic inversion flight control for a fixed-wing UAV},
  author={van Kampen, Erik-Jan and others},
  journal={Journal of Guidance, Control, and Dynamics},
  year={2018}
}

@online{AIDAHallPhoto2024,
  title   = {AIDA Hall (Reutlingen University) Photo},
  author  = {{Reutlingen University AIDA}},
  year    = {2024},
  url     = {https://aida.reutlingen-university.de/wp-content/uploads/2024/05/20240517_114330-Gros.jpg},
  urldate = {2025-10-12},
  note    = {Accessed for facility illustration}
}

@article{DaudFilho2024,
  author    = {Daud Filho, A. C. and et al.},
  title     = {Transition flight of a concept of lifting‐wing vertical takeoff and landing UAV},
  journal   = {The Aeronautical Journal},
  year      = {2024},
  doi       = {10.1017/aer.2024.100}
}

@article{Dawkins2018,
  author    = {Dawkins, D. and DeVries, L.},
  title     = {Modeling, Trim Analysis, and Trajectory Tracking Control of a Micro‐Quadrotor with Wings},
  journal   = {Drones},
  year      = {2018},
  volume    = {2},
  number    = {2},
  pages     = {21},
  doi       = {10.3390/drones2020021}
}

@misc{Xiao2020,
  author    = {Xiao, K. and Quan, Q. and et al.},
  title     = {A Lifting Wing Fixed on Multirotor UAVs for Long Flight Ranges},
  year      = {2020},
  eprint    = {2006.15579},
  archivePrefix = {arXiv},
  primaryClass = {cs.RO},
  url       = {https://arxiv.org/abs/2006.15579}
}

@article{Freitas2025,
  author    = {Freitas, A. and Dalmolin, J. and Freitas, F.},
  title     = {Exploring the Feasibility of Airfoil Integration on Multicopter Arms},
  journal   = {Drones},
  year      = {2025},
  volume    = {9},
  number    = {3},
  pages     = {202},
  doi       = {10.3390/drones9030202}
}

@inproceedings{Tal2021Tailsitter,
  author    = {Tal, E. and Karaman, S.},
  title     = {Global Trajectory‐Tracking Control for a Tailsitter Flying Wing in Agile Uncoordinated Flight},
  booktitle = {AIAA Aviation Forum},
  year      = {2021},
  pages     = {3214},
  doi       = {10.2514/6.2021-3214}
}

@misc{Tal2022Global,
  author    = {Tal, E. and Karaman, S.},
  title     = {Global Incremental Flight Control for Agile Maneuvering of a Tailsitter Flying Wing},
  year      = {2022},
  eprint    = {2207.13218},
  archivePrefix = {arXiv},
  primaryClass = {cs.RO},
  url       = {https://arxiv.org/abs/2207.13218}
}

@article{Tal2021,
  author    = {Tal, E. and Karaman, S.},
  title     = {Accurate Tracking of Aggressive Quadrotor Trajectories Using INDI and Differential Flatness},
  journal   = {IEEE Transactions on Control Systems Technology},
  year      = {2021},
  volume    = {29},
  number    = {3},
  pages     = {1203--1218},
  doi       = {10.1109/TCST.2020.3001117}
}

@misc{Tal2018,
  author    = {Tal, E. and Karaman, S.},
  title     = {Accurate Tracking of Aggressive Quadrotor Trajectories using INDI and Differential Flatness},
  year      = {2018},
  eprint    = {1809.04048},
  archivePrefix = {arXiv},
  primaryClass = {cs.RO},
  url       = {https://arxiv.org/abs/1809.04048}
}

@article{Foehn2022,
  author    = {Foehn, P. and Kaufmann, E. and et al.},
  title     = {Agilicious: Open‐source and open‐hardware agile quadrotor for vision‐based flight},
  journal   = {Science Robotics},
  year      = {2022},
  volume    = {7},
  number    = {67},
  doi       = {10.1126/scirobotics.abl6259}
}

@inproceedings{Mellinger2011,
  author    = {Mellinger, D. and Kumar, V.},
  title     = {Minimum Snap Trajectory Generation and Control for Quadrotors},
  booktitle = {IEEE International Conference on Robotics and Automation (ICRA)},
  year      = {2011},
  pages     = {2520--2525},
  doi       = {10.1109/ICRA.2011.5980409}
}

@inproceedings{Lee2010,
  author    = {Lee, T. and Leok, M. and McClamroch, N. H.},
  title     = {Geometric Tracking Control of a Quadrotor UAV on SE(3)},
  booktitle = {49th IEEE Conference on Decision and Control (CDC)},
  year      = {2010},
  pages     = {5420--5425},
  doi       = {10.1109/CDC.2010.5717652}
}

@article{Goodarzi2015,
  author    = {Goodarzi, F. A. and Lee, T. and Lee, N. H.},
  title     = {Geometric Adaptive Tracking Control of a Quadrotor UAV on SE(3) for Agile Maneuvers},
  journal   = {ASME Journal of Dynamic Systems, Measurement, and Control},
  year      = {2015},
  volume    = {137},
  number    = {9},
  doi       = {10.1115/1.4030419}
}

@article{Sieberling2010,
  author    = {Sieberling, S. and Chu, Q. P. and Mulder, J. A.},
  title     = {Robust Flight Control Using Incremental Nonlinear Dynamic Inversion and Angular Acceleration Prediction},
  journal   = {Journal of Guidance, Control, and Dynamics},
  year      = {2010},
  volume    = {33},
  number    = {6},
  pages     = {1732--1742},
  doi       = {10.2514/1.49978}
}

@misc{Smeur2017,
  author    = {Smeur, E. J. J. and de Croon, G. C. H. E. and Chu, Q. P.},
  title     = {Cascaded Incremental Nonlinear Dynamic Inversion for MAV Disturbance Rejection},
  year      = {2017},
  eprint    = {1701.07254},
  archivePrefix = {arXiv},
  primaryClass = {cs.RO},
  url       = {https://arxiv.org/abs/1701.07254}
}

@misc{Sun2021,
  author    = {Sun, S. and Romero, A. and Foehn, P. and Kaufmann, E. and Scaramuzza, D.},
  title     = {A Comparative Study of Nonlinear MPC and Differential‐Flatness‐Based Control for Quadrotor Agile Flight},
  year      = {2021},
  eprint    = {2109.01365},
  archivePrefix = {arXiv},
  primaryClass = {cs.RO},
  url       = {https://arxiv.org/abs/2109.01365}
}

@misc{Lu2022,
  author    = {Lu, G. and Guo, H. and et al.},
  title     = {Trajectory Generation and Tracking Control for Aggressive Tail‐Sitter Flights in Unknown Environments},
  year      = {2022},
  eprint    = {2212.11552},
  archivePrefix = {arXiv},
  primaryClass = {cs.RO},
  url       = {https://arxiv.org/abs/2212.11552}
}

@article{Okulski2022,
  author    = {Okulski, M. and {\L}awry{\'n}czuk, M.},
  title     = {A Small UAV Optimized for Efficient Long‐Range and VTOL Missions: An Experimental Tandem‐Wing Quadplane Drone},
  journal   = {Applied Sciences},
  year      = {2022},
  volume    = {12},
  number    = {14},
  pages     = {7059},
  doi       = {10.3390/app12147059}
}

@article{Li2021,
  author    = {Li, Y. and Yang, Z. and Sun, Y. and Wang, J.},
  title     = {Effect of Ducted Multi‐Propeller Configuration on Aerodynamic Performance in Quadrotor Drone},
  journal   = {Drones},
  year      = {2021},
  volume    = {5},
  number    = {3},
  pages     = {101},
  doi       = {10.3390/drones5030101}
}

@article{Hrishikeshavan2014,
  author    = {Hrishikeshavan, V. and Black, J. and Chopra, I.},
  title     = {Design and Performance of a Quad‐Shrouded Rotor Micro Air Vehicle},
  journal   = {Journal of the American Helicopter Society / JGCD (AIAA C‐series)},
  year      = {2014},
  doi       = {10.2514/1.C032463}
}

@misc{Chew2021,
  author    = {Chew, F. and et al.},
  title     = {Rapid Design Process of Shrouded Rotors for Efficient UAV Propulsion},
  howpublished = {White paper / preprint},
  year      = {2021},
  url       = {https://eprints.gla.ac.uk/227960/}
}

@article{Misra2022,
  author    = {Misra, A. and Jayaraman, S. and et al.},
  title     = {Modeling and Control of a Hybrid Fixed‐Wing VTOL‐UAV},
  journal   = {International Journal of Intelligent Unmanned Systems},
  year      = {2022},
  volume    = {10},
  doi       = {10.1155/2022/1803638}
}

@misc{Pereira2008,
  author    = {Pereira, J. L.},
  title     = {Hover and Wind‐Tunnel Testing of Shrouded Rotors for Improved Micro Air Vehicle Design},
  year      = {2008},
  note      = {PhD Thesis / Technical Report, University of Maryland},
  url       = {https://drum.lib.umd.edu/handle/1903/8325}
}


